<?xml version="1.0" encoding="UTF-8"?><collection xmlns="http://www.loc.gov/MARC21/slim"><record><leader>00522nam--2200169-u-4500</leader><controlfield tag="001">000056340</controlfield><controlfield tag="002">20161230</controlfield><controlfield tag="005">20170103010347</controlfield><controlfield tag="008">150709s1000------------r-----000-0-eng-d</controlfield><datafield ind1=" " ind2=" " tag="040"><subfield code="a">IFIN-HH</subfield></datafield><datafield ind1="1" ind2=" " tag="100"><subfield code="a">Mateescu, Silvia</subfield></datafield><datafield ind1="1" ind2="0" tag="245"><subfield code="a">Noi. fizicieni si povestile trecutului (1965 - 1970)</subfield><subfield code="c">Silvia Mateescu, Serban Georgescu, Radu-Ilarion Munteanu (eds.)</subfield></datafield><datafield ind1=" " ind2=" " tag="260"><subfield code="a">Bucuresti</subfield><subfield code="b">Editura Ars Docendi</subfield><subfield code="c">2015</subfield></datafield><datafield ind1=" " ind2=" " tag="300"><subfield code="a">542 p</subfield></datafield><datafield ind1="1" ind2=" " tag="700"><subfield code="a">Munteanu, Radu-Ilarion</subfield><subfield code="e">Ed</subfield></datafield><datafield ind1=" " ind2=" " tag="852"><subfield code="a">82417</subfield><subfield code="c">92</subfield></datafield><datafield ind1=" " ind2=" " tag="CAT"><subfield code="a">SYS</subfield><subfield code="c">20170103</subfield><subfield code="h">010347</subfield></datafield></record></collection>